@inproceedings{gotee,
  author = {Adrien Ghosn and James R. Larus and Edouard Bugnion},
  title = {{Secured Routines: Language-based Construction of Trusted Execution Environments.}},
  pages = {571-586},
  year = {2019},
  ee = {https://www.usenix.org/conference/atc19/presentation/ghosn},
  booktitle = USENIX19,
  bibsource = {DBLP alias: DBLP:conf/usenix/GhosnLB19}
}

@inproceedings{enclosure,
  author = {Adrien Ghosn and Marios Kogias and Mathias Payer and James R. Larus and Edouard Bugnion},
  title = {{Enclosure: language-based restriction of untrusted libraries.}},
  pages = {255-267},
  year = {2021},
  ee = {https://doi.org/10.1145/3445814.3446728},
  booktitle = ASPLOS21,
  bibsource = {DBLP alias: DBLP:conf/asplos/GhosnKPLB21}
}
